@techreport{RFC7800,
  author = {M. Jones and J. Bradley and H. Tschofenig},
  title = {Proof-of-Possession Key Semantics for JSON Web Tokens (JWTs)},
  howpublished = {Internet Requests for Comments},
  type = {RFC},
  number = {7800},
  year = {2016},
  month = {April},
  issn = {2070-1721},
  publisher = {RFC Editor},
  institution = {RFC Editor},
}

@techreport{I-D.ietf-oauth-pop-architecture,
  author = {Phil Hunt and Justin Richer and William Mills and Prateek Mishra and Hannes Tschofenig},
  title = {{OAuth} 2.0 Proof-of-Possession ({PoP}) Security Architecture},
  howpublished = {Working Draft},
  type = {Internet-Draft},
  number = {draft-ietf-oauth-pop-architecture-08},
  year = {2016},
  month = {July},
  institution = {IETF Secretariat},
}

@techreport{I-D.ietf-oauth-pop-key-distribution,
  author = {John Bradley and Phil Hunt and Michael Jones and Hannes Tschofenig and Mihaly Meszaros},
  title = {OAuth 2.0 Proof-of-Possession: Authorization Server to Client Key Distribution},
  howpublished = {Working Draft},
  type = {Internet-Draft},
  number = {draft-ietf-oauth-pop-key-distribution-07},
  year = {2019},
  month = {March},
  institution = {IETF Secretariat},
}
